<?xml version="1.0" encoding="UTF-8"?><collection><record><leader>05163ntm a2200481 a 4500</leader><controlfield tag="001">006818823</controlfield><controlfield tag="003">MiAaHDL</controlfield><controlfield tag="005">20190719000000.0</controlfield><controlfield tag="006">m        d        </controlfield><controlfield tag="007">cr bn ---auaua</controlfield><controlfield tag="008">090615q16121613xx            00| ||ota d</controlfield><datafield tag="035" ind1=" " ind2=" "><subfield code="a">(MiU)006818823</subfield></datafield><datafield tag="035" ind1=" " ind2=" "><subfield code="a">sdr-miu006818823</subfield></datafield><datafield tag="040" ind1=" " ind2=" "><subfield code="a">MiU</subfield><subfield code="c">MiU</subfield><subfield code="e">amremm</subfield></datafield><datafield tag="041" ind1="0" ind2=" "><subfield code="a">ota</subfield></datafield><datafield tag="043" ind1=" " ind2=" "><subfield code="a">n-us-mi</subfield></datafield><datafield tag="245" ind1="0" ind2="0"><subfield code="6">880-03</subfield><subfield code="a">[Tasavvuf risalesi,</subfield><subfield code="f">1021, i.e. 1612 or 1613].</subfield></datafield><datafield tag="260" ind1=" " ind2=" "><subfield code="c">[1612 or 1613].</subfield></datafield><datafield tag="300" ind1=" " ind2=" "><subfield code="a">30 leaves :</subfield><subfield code="b">paper ;</subfield><subfield code="c">277 x 175 mm.</subfield></datafield><datafield tag="500" ind1=" " ind2=" "><subfield code="a">Shelfmark: Ann Arbor, University of Michigan, Special Collections Library, Isl. Ms. 372</subfield></datafield><datafield tag="500" ind1=" " ind2=" "><subfield code="a">Origin: As appears in colophon on p.60, transcription [and composition?] completed in Dhū al-Qaʻdah 1021 [December 1612 or January 1613].</subfield></datafield><datafield tag="500" ind1=" " ind2=" "><subfield code="a">Former shelfmark: "377 T. De M. [i.e. Tammaro De Marinis]" inscribed in pencil on recto of front flyleaf ; "٥" on spine label.</subfield></datafield><datafield tag="500" ind1=" " ind2=" "><subfield code="a">Binding: Pasteboards covered in dark red leather ; Type II binding (with flap) ; doublures also in a dark red leather with elegant gold-tooled central ornament of interlace, roughly diamond shaped with pendants, along with gold-tooled border ; hinges now in purple, gold-flecked paper ; upper and lower covers carry stamped and gold-painted mandorla (filled with vegetal composition, compare Déroche class. OAi) with pendants and tooled border (also in gold) ; sewn in dark blue thread, two stations ; in fair condition with lifting and losses of leather (particularly at upper board), delamination of boards, staining, etc. ; repairs to spine, fore edge flap, board edges, etc. in black and red leathers.</subfield></datafield><datafield tag="500" ind1=" " ind2=" "><subfield code="a">Support: non-European (likely Persian) laid paper with 8 laid lines per cm. (horizontal or vertical, fairly indistinct) and rare chain lines visible, sturdy and well-burnished, medium cream in color ; many of the bifolia guarded ; flyleaves in European laid paper with 9 laid lines per cm. (horizontal), chain lines spaced 27 mm. apart (vertical) and watermark of figure holding scepter (other hand at waist), sturdy and well-burnished to glossy.</subfield></datafield><datafield tag="500" ind1=" " ind2=" "><subfield code="a">Decoration: Exquisite illuminated headpiece (ʻunwān / sarlawḥ) at opening on p.4 consisting of large, wide rectangular piece with empty gold cartouche flanked by gold pendants overlaid with delicate gold arabesques incorporating chi clouds and floral accents (in white, pink, red, light blue, turquoise, etc.) on grounds of blue (cobalt) and gold, surmounted by a wide, scalloped w-shaped piece filled with similar arabesques and floral motifs on grounds of gold and blue, all set in a well / bordered in narrow bands of light blue with dark blue crosses and dark pink with red crosses flanking a band of heavy gold interlace ; written area throughout surrounded by gold frame ; textual dividers in the form of inverted commas in red ; occasional keywords and headings rubricated.</subfield></datafield><datafield tag="500" ind1=" " ind2=" "><subfield code="a">Script: Nastaʻlīq (talik) ; exquisite hand in a medium line ; serifless, with effect of words descending to baseline, closed counters, elongation and contrasting thickness of horizontal strokes, pointing mainly in conjoined or distinct dots.</subfield></datafield><datafield tag="500" ind1=" " ind2=" "><subfield code="a">Layout: Written in 15 lines per page ; frame-ruled.</subfield></datafield><datafield tag="500" ind1=" " ind2=" "><subfield code="a">Collation: i, 3 V(30), i ; exclusively quinions ; catchwords present but often obscured ; pagination in pencil, Western numerals, supplied during digitization (includes flyleaves).</subfield></datafield><datafield tag="500" ind1=" " ind2=" "><subfield code="a">Colophon: "Scribal [?]", triangular, reads, "تمت الرساله بعون الله تعالى فى سنه احدى وعشرين والف فى شهر ذى القعده"</subfield></datafield><datafield tag="500" ind1=" " ind2=" "><subfield code="a">Explicit: "اى برادر عاشق بونك چاره سى بر شيخ مرشد صحبتنده والمقدر هج مكسه صحبتندن محروم كتدوكى يوقدر مكر كه بيكده برى اوله ان شاء الله تعالى"</subfield></datafield><datafield tag="500" ind1=" " ind2=" "><subfield code="a">Incipit: "سنريهم آياتنا فى الآفاق وفى انفسهم حتى يتبين لهم انه الحق بل و اكآه اولكم آفاقده نشانلر واردر سنك نفسكده داخى واردر پس هر كمسه كه عالمك نشانلرن كندو نفسنده بولدى اللهى بلدى ..."</subfield></datafield><datafield tag="500" ind1=" " ind2=" "><subfield code="a">Title supplied by cataloguer.</subfield></datafield><datafield tag="500" ind1=" " ind2=" "><subfield code="a">Ms. codex.</subfield></datafield><datafield tag="520" ind1="8" ind2=" "><subfield code="a">Elegant copy of a brief treatise on Ṣufism.</subfield></datafield><datafield tag="538" ind1=" " ind2=" "><subfield code="a">Mode of access: Internet.</subfield></datafield><datafield tag="541" ind1=" " ind2=" "><subfield code="c">Purchase ;</subfield><subfield code="a">Acquired by purchase (funds donated by Horace Rackham).</subfield><subfield code="d">1924.</subfield></datafield><datafield tag="546" ind1=" " ind2=" "><subfield code="a">Ottoman Turkish.</subfield></datafield><datafield tag="561" ind1=" " ind2=" "><subfield code="a">Ownership statement in name of Zülfikâr Ağa ( ذو الفقار اغا ) accompanied by oval seal impression on 'title page' (p.3) "قد تملكه العبد الفقير ذو الفقار اغاي باب السعاده ..." ; clean copy.</subfield></datafield><datafield tag="650" ind1=" " ind2="0"><subfield code="a">Manuscripts, Turkish</subfield><subfield code="z">Michigan</subfield><subfield code="z">Ann Arbor.</subfield></datafield><datafield tag="650" ind1=" " ind2="0"><subfield code="a">Sufism</subfield><subfield code="v">Early works to 1800.</subfield></datafield><datafield tag="700" ind1="0" ind2=" "><subfield code="a">Abdülhamid</subfield><subfield code="b">II,</subfield><subfield code="c">Sultan of the Turks,</subfield><subfield code="d">1842-1918,</subfield><subfield code="e">former owner.</subfield></datafield><datafield tag="773" ind1="0" ind2=" "><subfield code="a">Abdul Hamid Collection.</subfield></datafield><datafield tag="880" ind1="0" ind2="0"><subfield code="6">245-03/</subfield><subfield code="a">[تصوف رساله سى,</subfield><subfield code="f">[1021ه، 1612 او 1613م].</subfield></datafield><datafield tag="CID" ind1=" " ind2=" "><subfield code="a">006818823</subfield></datafield><datafield tag="DAT" ind1="0" ind2=" "><subfield code="a">20190719102639.0</subfield><subfield code="b">20190719000000.0</subfield></datafield><datafield tag="DAT" ind1="1" ind2=" "><subfield code="a">20190719090653.0</subfield><subfield code="b">2019-07-19T16:10:59Z</subfield></datafield><datafield tag="DAT" ind1="2" ind2=" "><subfield code="a">2015-10-02T18:00:03Z</subfield></datafield><datafield tag="CAT" ind1=" " ind2=" "><subfield code="a">SDR-MIU</subfield><subfield code="d">EX LIBRIS - ALEPH</subfield><subfield code="l">prepare.pl-004-008</subfield></datafield><datafield tag="FMT" ind1=" " ind2=" "><subfield code="a">BK</subfield></datafield><datafield tag="HOL" ind1=" " ind2=" "><subfield code="0">sdr-miu006818823</subfield><subfield code="a">MiU</subfield><subfield code="b">SDR</subfield><subfield code="c">MIU</subfield><subfield code="p">mdp.39015079130129</subfield><subfield code="s">MIU</subfield><subfield code="1">006818823</subfield></datafield><datafield tag="974" ind1=" " ind2=" "><subfield code="b">MIU</subfield><subfield code="c">MIU</subfield><subfield code="d">20190719</subfield><subfield code="s">lit-dlps-dc</subfield><subfield code="u">mdp.39015079130129</subfield><subfield code="y">1613</subfield><subfield code="r">pd</subfield><subfield code="q">bib</subfield><subfield code="t">non-US bib date2 &lt; 1896</subfield></datafield></record></collection>